% Encoding: UTF-8

@Misc{finch-old-calendar,
  author = {{CMU Gelfand Outreach}},
  title  = {Finch Programming Course Calendar Outline},
  year   = {2016},
  file   = {:references\\previous-years\\FinchCampOutline.pdf:PDF},
}

@Misc{finch-challenge-book,
  author = {{CMU Gelfand Outreach}},
  title  = {The Finch Robot Challenge Book},
  year   = {2016},
  file   = {:references\\previous-years\\FinchChallengeBook-Scratch CMU.pdf:PDF},
}

@WWW{finch-scratch-website,
  author       = {{BirdBrain Technologies}},
  title        = {Finch Robot Scratch Lessons},
  year         = {2017},
  url          = {https://www.finchrobot.com/teaching/scratch},
  organization = {BirdBrain Technologies},
}

@Comment{jabref-meta: databaseType:biblatex;}
